<record><leader>00000cas a22000007a 4500</leader><controlfield tag="001">9406292</controlfield><controlfield tag="008">830413d18281855mduwr ne      0    0eng  </controlfield><datafield ind1=" " ind2=" " tag="010"><subfield code="a">sn 83016110 </subfield></datafield><datafield ind1=" " ind2=" " tag="040"><subfield code="a">DLC</subfield><subfield code="b">eng</subfield><subfield code="c">DLC</subfield><subfield code="d">NPX</subfield><subfield code="d">DLC</subfield><subfield code="d">MFN</subfield><subfield code="d">OCL</subfield><subfield code="d">MFN</subfield><subfield code="d">DLC</subfield><subfield code="d">OCLCQ</subfield><subfield code="d">KRTAS</subfield><subfield code="d">OCLCQ</subfield></datafield><datafield ind1=" " ind2=" " tag="019"><subfield code="a">9406169</subfield><subfield code="a">9407732</subfield></datafield><datafield ind1=" " ind2=" " tag="042"><subfield code="a">msc</subfield></datafield><datafield ind1="0" ind2="0" tag="050"><subfield code="a">Newspaper</subfield></datafield><datafield ind1="0" ind2=" " tag="130"><subfield code="a">Cambridge chronicle (Cambridge, Md. : 1828)</subfield></datafield><datafield ind1="1" ind2="0" tag="245"><subfield code="a">Cambridge chronicle.</subfield></datafield><datafield ind1="3" ind2="0" tag="246"><subfield code="a">Cambridge weekly chronicle, and farmer's register</subfield></datafield><datafield ind1=" " ind2=" " tag="260"><subfield code="a">Cambridge, Md. :</subfield><subfield code="b">G.W. Callahan</subfield></datafield><datafield ind1=" " ind2=" " tag="300"><subfield code="a">v.</subfield></datafield><datafield ind1=" " ind2=" " tag="310"><subfield code="a">Weekly</subfield></datafield><datafield ind1="1" ind2=" " tag="362"><subfield code="a">Began in 1828; ceased in 1855?</subfield></datafield><datafield ind1=" " ind2=" " tag="500"><subfield code="a">Published as: The Cambridge weekly chronicle, and farmer's register, Jan. 5-July 13, 1839.</subfield></datafield><datafield ind1=" " ind2=" " tag="588"><subfield code="a">Description based on: Vol. 4, no. 207 (June 21, 1828).</subfield></datafield><datafield ind1=" " ind2=" " tag="752"><subfield code="a">United States</subfield><subfield code="b">Maryland</subfield><subfield code="c">Dorchester</subfield><subfield code="d">Cambridge.</subfield></datafield><datafield ind1="0" ind2="0" tag="780"><subfield code="t">Cambridge chronicle and Maryland weekly advertiser</subfield><subfield code="w">(DLC)sn 83016111</subfield></datafield><datafield ind1="0" ind2="4" tag="785"><subfield code="t">American eagle (Cambridge, Md.)</subfield><subfield code="w">(DLC)sn 89060424</subfield></datafield><datafield ind1=" " ind2=" " tag="938"><subfield code="a">Kirtas Technologies, Inc.</subfield><subfield code="b">KRTS</subfield><subfield code="n">736503</subfield></datafield><datafield ind1="1" ind2=" " tag="029"><subfield code="a">AU@</subfield><subfield code="b">000026220235</subfield></datafield></record>